% Para m√°s ejemplos de referencias, puede visitar: https://www.overleaf.com/latex/examples/ejemplos-de-referencias-bibliograficas-en-espanol/mmpwmmzmjxxk




@article{art:articulo_1,
    author			= {Autor1 Apellido1 and Autor2 Apellid02 and Autor3 Apellido3},
    title			= {Titulo de articulo 1},
    journal			= {Revista},
    volume			= {v*},
    number			= {n*},
    pages			= {xx--yy*},
    year			= {20XX},
    month			= {mes-nom*},
    note			= {Notas y observaciones*},
    language        = {spanish},
}


@article{art:articulo_2,
    author			= {Autor4 Apellido4 and Autor5 Apellido5 and Autor6 Apellido6},
    title			= {Titulo de articulo 2},
    journal			= {Revista},
    volume			= {v*},
    number			= {n*},
    pages			= {xx--yy*},
    year			= {20XX},
    month			= {mes-nom*},
    note			= {Notas y observaciones*},
    language        = {spanish},
}

@article{art:articulo_3,
    author			= {Autor7 Apellido7 and Autor8 Apellido8 and Autor9 Apellido9},
    title			= {Titulo de articulo 3},
    journal			= {Revista},
    volume			= {v*},
    number			= {n*},
    pages			= {xx--yy*},
    year			= {20XX},
    month			= {mes-nom*},
    note			= {Notas y observaciones*},
    language        = {spanish},
}